@book{Newman2019,
	author={M. E. J. Newman},
	year={2019},
	title={Networks},
	publisher={Oxford University Press}
}

@inproceedings{Scarcelli2009,
	title={The graph neural network model},
	author={Franco Scarselli, Marco Gori, Ah Chung Tsoi, Markus Hagenbuchner, and Gabriele Monfardini},
	booktitle={IEEE Transactions on Neural Networks},
	year={2009}
}

@book{Kipf2020,
	author={Kipf, T. N.},
	year={2020},
	title={Deep learning with graph-structured representations}
}

@article{KipfNRI2018,
	title={Neural Relational Inference for Interacting Systems},
	author={Kipf, Thomas and Fetaya, Ethan and Wang, Kuan-Chieh and Welling, Max and Zemel, Richard},
	journal={arXiv preprint arXiv:1802.04687},
	year={2018}
}

@article{Battaglia2018,
	title={Relational inductive biases, deep learning, and graph networks},
	author={Peter W Battaglia, Jessica B Hamrick, Victor Bapst, Alvaro Sanchez-Gonzalez, Vinicius Zambaldi, Mateusz Malinowski, Andrea Tacchetti, David Raposo, Adam Santoro, Ryan Faulkner, et al.},
	journal={arXiv preprint arXiv:1806.01261},
	year={2018}
}

@inproceedings{Perozzi2014,
	author = {Perozzi, Bryan and Al-Rfou, Rami and Skiena, Steven},
	title = {DeepWalk: Online Learning of Social Representations},
	booktitle = {Proceedings of the 20th ACM SIGKDD International Conference on Knowledge Discovery and Data Mining},
	series = {KDD '14},
	year = {2014},
	isbn = {978-1-4503-2956-9},
	location = {New York, New York, USA},
	pages = {701--710},
	numpages = {10},
	url = {http://doi.acm.org/10.1145/2623330.2623732},
	doi = {10.1145/2623330.2623732},
	acmid = {2623732},
	publisher = {ACM},
	address = {New York, NY, USA},
	keywords = {deep learning, latent representations, learning with partial labels, network classification, online learning, social networks},
}

@inproceedings{Grover2016,
	author = {Grover, Aditya and Leskovec, Jure},
	title = {node2vec: Scalable Feature Learning for Networks},
	booktitle = {Proceedings of the 22nd ACM SIGKDD International Conference on Knowledge Discovery and Data Mining},
	year = {2016}
}

@inproceedings{KipfandWelling2017,
	title={Semi-Supervised Classification with Graph Convolutional Networks},
	author={Kipf, Thomas N. and Welling, Max},
	booktitle={International Conference on Learning Representations (ICLR)},
	year={2017}
}

@inproceedings{Gilmer2017,
	title={Neural Message Passing for Quantum Chemistry},
	author={Justin Gilmer, Samuel S Schoenholz, Patrick F Riley, Oriol Vinyals, and George E Dahl},
	booktitle={International Conference on Machine Learning (ICML)},
	year={2017}
}

@article{KipfandWelling2016,
	title={Variational Graph Auto-Encoders},
	author={Kipf, Thomas N and Welling, Max},
	journal={NIPS Workshop on Bayesian Deep Learning},
	year={2016}
}

@ARTICLE{AlbertandBarabási2002,
	author = {Réka Albert and Albert László Barabási},
	journal = {Rev. Mod. Phys.},
	pages = {47--97},
	title = {{Statistical mechanics of complex networks}},
	volume = {74},
	year = {2002}
}

@ARTICLE{ErdösandRényi1960,
	author = {P. Erdös and A. Rényi},
	journal = {Publ. Math. Inst. Hung. Acad. Sci},
	pages = {17–60},	
	volume = {5},
	year = {1960}
}

@inproceedings{Li2018,
	title={Learning deep generative models of graphs},
	author={Y. Li, O. Vinyals, C. Dyer, R. Pascanu, and P. Battaglia},
	booktitle={ICML, 2018},
	year={2018}
}

@ARTICLE{Hamilton2020,
	author = {William L. Hamilton},
	journal = {Synthesis Lectures on Artificial Intelligence and Machine Learning},
	pages = {1-159},
	title = {Graph Representation Learning},
	volume = {14},
	year = {2020}
}

@inproceedings{Vaswani2017,
	title={Attention is all you need},
	author={A. Vaswani, N. Shazeer, N. Parmar, J. Uszkoreit, L. Jones, A. Gomez, L. Kaiser, and I. Polosukhin},
	booktitle={NeurIPS, 2017},
	year={2017}
}

@inproceedings{Wang2018,
	author = {Wang, X., Girshick, R., Gupta, A., and He, K.},
	title = {Non-local neural networks},
	booktitle = {Proceedings of the Conference on Computer Vision and Pattern Recognition (CVPR)},
	year = {2018}
}

@article{Watters2017,
	title={Visual interaction networks: Learning a physics simulator from video},
	author={Watters, N., Zoran, D., Weber, T., Battaglia, P., Pascanu, R., and Tacchetti, A.},
	journal={Advances in Neural Information Processing Systems},
	pages = {4542–4550},
	year={2017}
}

@inproceedings{VanSteenkiste2018,
	author = {Van Steenkiste, S., Chang, M., Greff, K., and Schmidhuber, J.},
	title = {Relational neural expectation maximization: Unsupervised discovery of objects and their interactions},
	booktitle = {Proceedings of the International Conference on Learning Representations (ICLR)},
	year = {2018}
}

@article{KingmaandWelling2013,
	title={Auto-encoding variational bayes},
	author={Diederik P Kingma and Max Welling},
	journal={arXiv preprint arXiv:1312.6114},
	year={2013}
}

@inproceedings{Rezende2014,
	author = {Danilo Jimenez Rezende, Shakir Mohamed, and Daan Wierstra},
	title = {Stochastic backpropagation and approximate inference in deep generative models},
	booktitle = {International Conference on Machine Learning (ICML)},
	year = {2014}
}

@article{You2018,
	title={GraphRNN: Generating realistic graphs with deep auto-regressive models},
	author={Jiaxuan You, Rex Ying, Xiang Ren, William Hamilton, and Jure Leskovec},
	journal={ICML},
	pages = {5694–5703},
	year={2018}
}

@article{Liao2019,
	title={Efficient graph generation with graph recurrent attention networks},
	author={R. Liao, Y. Li, Y. Song, S. Wang, W. L. Hamilton, D. Duvenaud, R. Urtasun, and R. Zemel},
	journal={NeurIPS, 2019},
	year={2019}
}

@misc{CMU2003,
	year={2003},
	title={{Carnegie-Mellon Motion Capture Database}},
	note = {\\\url{http://mocap.cs.cmu.edu}}
}

@inproceedings{SimonovskyandKomodakis2018,
	author = {M. Simonovsky and N. Komodakis},
	title = {GraphVAE: Towards generation of small graphs using variational autoencoders},
	booktitle = {International Conference on Artificial Neural Networks, 2018},
	year = {2018}
}

@article{DeCao2018,
	title={{MolGAN: An implicit generative model for small
	molecular graphs}},
	author={De Cao, Nicola and Kipf, Thomas},
	journal={ICML 2018 workshop on Theoretical Foundations
	and Applications of Deep Generative Models},
	year={2018}
}

@inproceedings{Jin2018,
	author = {W. Jin, R. Barzilay, and T. Jaakkola},
	title = {Junction tree variational autoencoder for molecular graph generation},
	booktitle = {ICML, 2018},
	year = {2018}
}

@article{HochreiterandSchmidhuber1997,
	title={Long short-term memory},
	author={Hochreiter, S. and Schmidhuber, J.},
	journal={Neural Computation},
	pages = {1735–1780},
	year={1997}
}